  @misc{wiki:turnstile_fsm,
  author       = {{Wikipedia contributors}},
  title        = {Finite-state machine --- {Wikipedia}{,} The Free Encyclopedia},
  year         = {2025},
  howpublished = {\url{https://en.wikipedia.org/w/index.php?title=Finite-state_machine&oldid=1285525354}},
  note         = {[Online; accessed 26-April-2025]}
}