@software{ros,
  author  = {{Stanford Artificial Intelligence Laboratory et al.}},
  title   = {Robotic Operating System},
  url     = {https://www.ros.org},
  version = {ROS Noetic Ninjemys},
  date    = {2020-05-23}
}

@article{lyapunov_techniques,
  author   = {Aicardi, M. and Casalino, G. and Bicchi, A. and Balestrino, A.},
  journal  = {IEEE Robotics \& Automation Magazine},
  title    = {Closed loop steering of unicycle like vehicles via Lyapunov techniques},
  year     = {1995},
  volume   = {2},
  number   = {1},
  pages    = {27-35},
  keywords = {Vehicles;Equations;Control systems;Lyapunov method;Navigation;Mobile robots;Control theory;State feedback;State-space methods;Open loop systems},
  doi      = {10.1109/100.388294}
}
