@software{ros,
  author  = {{Stanford Artificial Intelligence Laboratory et al.}},
  title   = {Robotic Operating System},
  url     = {https://www.ros.org},
  version = {ROS Noetic Ninjemys},
  date    = {2020-05-23}
}